<collection xmlns="http://www.loc.gov/MARC21/slim"><record><leader>00708nam  2200229   450</leader><controlfield tag="001">94</controlfield><controlfield tag="003">http://montalegre.opacnet.com/OPAC/default.aspx?ContentAreaControl=ShowRegHoldings.ascx&amp;RegNo=16662</controlfield><datafield tag="021" ind1=" " ind2=" "><subfield code="a">PT</subfield></datafield><datafield tag="095" ind1=" " ind2=" "><subfield code="a">PTBN00112284</subfield></datafield><datafield tag="100" ind1=" " ind2=" "><subfield code="a">20061013d1988    em y0pora0103    ba</subfield></datafield><datafield tag="101" ind1="1" ind2=" "><subfield code="a">por</subfield><subfield code="c">eng</subfield></datafield><datafield tag="102" ind1=" " ind2=" "><subfield code="a">PT</subfield></datafield><datafield tag="200" ind1="1" ind2=" "><subfield code="a">Ehrengarda, a Ninfa do Lago</subfield><subfield code="f">Karen Blixen</subfield><subfield code="g">trad. Daniel Gonçalves</subfield></datafield><datafield tag="210" ind1=" " ind2=" "><subfield code="a">Lisboa</subfield><subfield code="c">Quetzal</subfield><subfield code="d">1988</subfield></datafield><datafield tag="215" ind1=" " ind2=" "><subfield code="a">104 p.</subfield><subfield code="d">20 cm</subfield></datafield><datafield tag="225" ind1="2" ind2=" "><subfield code="a">Graffiti</subfield></datafield><datafield tag="304" ind1=" " ind2=" "><subfield code="a">Tít. orig. : Ehrengard</subfield></datafield><datafield tag="675" ind1=" " ind2=" "><subfield code="a">821</subfield></datafield><datafield tag="700" ind1=" " ind2="1"><subfield code="a">Blixen</subfield><subfield code="b">Karen</subfield><subfield code="f">1885-1962</subfield></datafield><datafield tag="702" ind1=" " ind2="1"><subfield code="a">Gonçalves</subfield><subfield code="b">Daniel</subfield><subfield code="f">1921-</subfield><subfield code="4">730</subfield></datafield><datafield tag="801" ind1=" " ind2="0"><subfield code="a">PT</subfield><subfield code="b">Biblioteca Municipal de Montalegre</subfield><subfield code="g">RPC</subfield></datafield><datafield tag="856" ind1=" " ind2=" "><subfield code="u">locateMedia.asp?cod=20060508155656&amp;ext=jpg</subfield><subfield code="z">CAPA</subfield></datafield><datafield tag="909" ind1="&#9;" ind2=" "><subfield code="a">1</subfield></datafield><datafield tag="966" ind1=" " ind2=" "><subfield code="a">0008271</subfield><subfield code="l">BMM</subfield><subfield code="s">SCG 821 BLI ehr</subfield></datafield></record></collection>